<?xml version="1.0" encoding="UTF-8"?><collection xmlns="http://www.loc.gov/MARC21/slim"><record><leader>00634nam--2200205-i-4500</leader><controlfield tag="001">000043041</controlfield><controlfield tag="002">20161230</controlfield><controlfield tag="005">20161230201043</controlfield><controlfield tag="008">060222s1000------------r-----000-0-eng-d</controlfield><datafield ind1=" " ind2=" " tag="020"><subfield code="a">008021603X</subfield></datafield><datafield ind1=" " ind2=" " tag="040"><subfield code="a">IFIN-HH</subfield></datafield><datafield ind1=" " ind2=" " tag="080"><subfield code="a">539.17</subfield></datafield><datafield ind1="1" ind2=" " tag="100"><subfield code="a">Ziegler, J.F</subfield></datafield><datafield ind1="1" ind2="0" tag="245"><subfield code="a">The stoppng and ranges of ions in solids</subfield><subfield code="b">Volume 1: the stopping and ranges of ions in matter</subfield><subfield code="c">J.f. ziegler, j.p. biersack, u. littmark (eds.)</subfield></datafield><datafield ind1=" " ind2=" " tag="260"><subfield code="a">New York</subfield><subfield code="b">Pergamon Press</subfield><subfield code="c">1985</subfield></datafield><datafield ind1=" " ind2=" " tag="300"><subfield code="a">321P</subfield></datafield><datafield ind1=" " ind2=" " tag="490"><subfield code="a">The Stopping And Ranges Of Ions In Matter</subfield></datafield><datafield ind1="1" ind2=" " tag="700"><subfield code="a">Littmark, U</subfield><subfield code="e">Ed</subfield></datafield><datafield ind1=" " ind2=" " tag="852"><subfield code="a">47013</subfield><subfield code="c">539</subfield></datafield><datafield ind1=" " ind2=" " tag="CAT"><subfield code="a">Sys</subfield><subfield code="c">20111012</subfield><subfield code="h">105240</subfield></datafield></record></collection>